@BOOK{amemiya85,
  author = {Takeshi Amemiya},
  title = {Advanced Econometrics},
  publisher = {Basil Blackwell},
  address = {Oxford},
  year = {1985}
}

@ARTICLE{carter97,
  author = {C. K. Carter and R. Kohn},
  title = {Semiparametric {B}ayesian Inference for Time Series with Mixed Spectra},
  journal = {Journal of the Royal Statistical Society, Series B},
  volume = {59},
  number = {1},
  pages = {255-268},
  year = {1997}
}
